@article{pavon2018data,
  title={The data-driven Schroedinger bridge},
  author={Pavon, Michele and Tabak, Esteban G and Trigila, Giulio},
  journal={arXiv preprint arXiv:1806.01364},
  year={2018}
}

@article{schrodinger1931uber,
  title={Uber die umkehrung der naturgesetze, Verlag Akademie der wissenschaften in kommission bei Walter de Gruyter u},
  author={Schr{\"o}dinger, E},
  journal={Company, Berlin},
  year={1931}
}

@inproceedings{schrodinger1932theorie,
  title={Sur la th{\'e}orie relativiste de l'{\'e}lectron et l'interpr{\'e}tation de la m{\'e}canique quantique},
  author={Schr{\"o}dinger, Erwin},
  booktitle={Annales de l'institut Henri Poincar{\'e}},
  volume={2},
  number={4},
  pages={269--310},
  year={1932}
}

@book{williams2006gaussian,
  title={Gaussian processes for machine learning},
  author={Williams, Christopher KI and Rasmussen, Carl Edward},
  volume={2},
  number={3},
  year={2006},
  publisher={MIT press Cambridge, MA}
}

@inproceedings{alvarez2009latent,
  title={Latent force models},
  author={Alvarez, Mauricio and Luengo, David and Lawrence, Neil D},
  booktitle={Artificial Intelligence and Statistics},
  pages={9--16},
  year={2009}
}

@article{alvarez2013linear,
  title={Linear latent force models using Gaussian processes},
  author={Alvarez, Mauricio A and Luengo, David and Lawrence, Neil D},
  journal={IEEE Transactions on pattern analysis and machine intelligence},
  volume={35},
  number={11},
  pages={2693--2705},
  year={2013},
  publisher={IEEE}
}


@book{sarkka2019applied,
  title={Applied stochastic differential equations},
  author={S{\"a}rkk{\"a}, Simo and Solin, Arno},
  volume={10},
  year={2019},
  publisher={Cambridge University Press}
}

@incollection{oksendal2003stochastic,
  title={Stochastic differential equations},
  author={{\O}ksendal, Bernt},
  booktitle={Stochastic differential equations},
  pages={65--84},
  year={2003},
  publisher={Springer}
}

@article{einstein1905motion,
  title={On the motion required by the molecular kinetic theory of heat of small particles suspended in a stationary liquid},
  author={Einstein, Albert},
  journal={Annalen der physik},
  volume={17},
  number={8},
  pages={549--560},
  year={1905}
}

@article{leonard2013survey,
  title={A survey of the Schr$\backslash$" odinger problem and some of its connections with optimal transport},
  author={L{\'e}onard, Christian},
  journal={arXiv preprint arXiv:1308.0215},
  year={2013}
}


@book{kullback1997information,
  title={Information theory and statistics},
  author={Kullback, Solomon},
  year={1997},
  publisher={Courier Corporation}
}

@article{jaynes1957information,
  title={Information theory and statistical mechanics},
  author={Jaynes, Edwin T},
  journal={Physical review},
  volume={106},
  number={4},
  pages={620},
  year={1957},
  publisher={APS}
}

@book{jaynes2003probability,
  title={Probability theory: The logic of science},
  author={Jaynes, Edwin T},
  year={2003},
  publisher={Cambridge university press}
}

@incollection{pavon1991free,
  title={On free energy, stochastic control, and Schr{\"o}dinger processes},
  author={Pavon, Michele and Wakolbinger, Anton},
  booktitle={Modeling, Estimation and Control of Systems with Uncertainty},
  pages={334--348},
  year={1991},
  publisher={Springer}
}

@book{nelson1967dynamical,
  title={Dynamical theories of Brownian motion},
  author={Nelson, Edward},
  volume={3},
  year={1967},
  publisher={Princeton university press}
}

@phdthesis{lawrence2001variational,
  title={Variational inference in probabilistic models},
  author={Lawrence, Neil David},
  year={2001},
  school={University of Cambridge}
}

@incollection{follmer1988random,
  title={Random fields and diffusion processes},
  author={F{\"o}llmer, Hans},
  booktitle={{\'E}cole d'{\'E}t{\'e} de Probabilit{\'e}s de Saint-Flour XV--XVII, 1985--87},
  pages={101--203},
  year={1988},
  publisher={Springer}
}

@article{mikami2008optimal,
  title={Optimal transportation problem by stochastic optimal control},
  author={Mikami, Toshio and Thieullen, Mich{\`e}le},
  journal={SIAM Journal on Control and Optimization},
  volume={47},
  number={3},
  pages={1127--1139},
  year={2008},
  publisher={SIAM}
}

@article{leonard2012schrodinger,
  title={From the Schr{\"o}dinger problem to the Monge--Kantorovich problem},
  author={L{\'e}onard, Christian},
  journal={Journal of Functional Analysis},
  volume={262},
  number={4},
  pages={1879--1920},
  year={2012},
  publisher={Elsevier}
}

@article{carlier2017convergence,
  title={Convergence of entropic schemes for optimal transport and gradient flows},
  author={Carlier, Guillaume and Duval, Vincent and Peyr{\'e}, Gabriel and Schmitzer, Bernhard},
  journal={SIAM Journal on Mathematical Analysis},
  volume={49},
  number={2},
  pages={1385--1418},
  year={2017},
  publisher={SIAM}
}

@book{villani2003topics,
  title={Topics in optimal transportation},
  author={Villani, C{\'e}dric},
  number={58},
  year={2003},
  publisher={American Mathematical Soc.}
}

@article{csiszar1975divergence,
  title={I-divergence geometry of probability distributions and minimization problems},
  author={Csisz{\'a}r, Imre},
  journal={The annals of probability},
  pages={146--158},
  year={1975},
  publisher={JSTOR}
}

@article{ruschendorf1995convergence,
  title={Convergence of the iterative proportional fitting procedure},
  author={Ruschendorf, Ludger and others},
  journal={The Annals of Statistics},
  volume={23},
  number={4},
  pages={1160--1174},
  year={1995},
  publisher={Institute of Mathematical Statistics}
}


@article{kullback1968probability,
  title={Probability densities with given marginals},
  author={Kullback, Solomon},
  journal={The Annals of Mathematical Statistics},
  volume={39},
  number={4},
  pages={1236--1243},
  year={1968},
  publisher={JSTOR}
}

@article{cramer2000probability,
  title={Probability measures with given marginals and conditionals: l-projections and conditional iterative proportional fitting},
  author={Cramer, Erhard},
  journal={Statistics and Decisions-International Journal for Stochastic Methods and Models},
  volume={18},
  number={3},
  pages={311--330},
  year={2000},
  publisher={Wiesbaden: Akademische Verlagsgesellschaft,[c1982-}
}

@article{fortet1940resolution,
  title={R{\'e}solution d’un systeme d’{\'e}quations de M. Schr{\"o}dinger},
  author={Fortet, Robert},
  journal={J. Math. Pure Appl. IX},
  volume={1},
  pages={83--105},
  year={1940}
}

@article{essid2019traversing,
  title={Traversing the Schr{\"o}dinger Bridge strait: Robert Fortet’s marvelous proof redux},
  author={Essid, Montacer and Pavon, Michele},
  journal={Journal of Optimization Theory and Applications},
  volume={181},
  number={1},
  pages={23--60},
  year={2019},
  publisher={Springer}
}

@article{chen2016entropic,
  title={Entropic and displacement interpolation: a computational approach using the Hilbert metric},
  author={Chen, Yongxin and Georgiou, Tryphon and Pavon, Michele},
  journal={SIAM Journal on Applied Mathematics},
  volume={76},
  number={6},
  pages={2375--2396},
  year={2016},
  publisher={SIAM}
}


@article{bernton2019schr,
  title={Schr$\backslash$" odinger Bridge Samplers},
  author={Bernton, Espen and Heng, Jeremy and Doucet, Arnaud and Jacob, Pierre E},
  journal={arXiv preprint arXiv:1912.13170},
  year={2019}
}


@article{kingma2013auto,
  title={Auto-encoding variational bayes},
  author={Kingma, Diederik P and Welling, Max},
  journal={arXiv preprint arXiv:1312.6114},
  year={2013}
}

@inproceedings{goodfellow2014generative,
  title={Generative adversarial nets},
  author={Goodfellow, Ian and Pouget-Abadie, Jean and Mirza, Mehdi and Xu, Bing and Warde-Farley, David and Ozair, Sherjil and Courville, Aaron and Bengio, Yoshua},
  booktitle={Advances in neural information processing systems},
  pages={2672--2680},
  year={2014}
}

@inproceedings{zhu2017unpaired,
  title={Unpaired image-to-image translation using cycle-consistent adversarial networks},
  author={Zhu, Jun-Yan and Park, Taesung and Isola, Phillip and Efros, Alexei A},
  booktitle={Proceedings of the IEEE international conference on computer vision},
  pages={2223--2232},
  year={2017}
}


@article{mohamed2016learning,
  title={Learning in implicit generative models},
  author={Mohamed, Shakir and Lakshminarayanan, Balaji},
  journal={arXiv preprint arXiv:1610.03483},
  year={2016}
}


@article{richter2018optimal,
  title={Optimal importance sampling using stochastic control},
  author={Richter, Lorenz and Hartmann, Carsten},
  year={2018}
}

@article{zhang2019variational,
  title={Variational f-divergence Minimization},
  author={Zhang, Mingtian and Bird, Thomas and Habib, Raza and Xu, Tianlin and Barber, David},
  journal={arXiv preprint arXiv:1907.11891},
  year={2019}
}

@misc{veksler2013nonparametric,
  title={Nonparametric density estimation nearest neighbors, KNN},
  author={Veksler, O},
  year={2013}
}


@article{singh2016analysis,
  title={Analysis of k-nearest neighbor distances with application to entropy estimation},
  author={Singh, Shashank and P{\'o}czos, Barnab{\'a}s},
  journal={arXiv preprint arXiv:1603.08578},
  year={2016}
}


@article{lample2017unsupervised,
  title={Unsupervised Machine Translation Using Monolingual Corpora Only},
  author={Lample, Guillaume and Conneau, Alexis and Denoyer, Ludovic and Ranzato, Marc'Aurelio},
  journal={arXiv preprint arXiv:1711.00043},
  year={2017}
}

@article{lahdesmakideep,
  title={Deep Learning with differential Gaussian process flows},
  author={L{\"a}hdesm{\"a}ki, Pashupati Hegde Markus Heinonen Harri and Kaski, Samuel}
}

@article{tzen2019neural,
  title={Neural stochastic differential equations: Deep latent gaussian models in the diffusion limit},
  author={Tzen, Belinda and Raginsky, Maxim},
  journal={arXiv preprint arXiv:1905.09883},
  year={2019}
}

@inproceedings{ruttor2013approximate,
  title={Approximate Gaussian process inference for the drift function in stochastic differential equations},
  author={Ruttor, Andreas and Batz, Philipp and Opper, Manfred},
  booktitle={Advances in Neural Information Processing Systems},
  pages={2040--2048},
  year={2013}
}

@inproceedings{gutmann2010noise,
  title={Noise-contrastive estimation: A new estimation principle for unnormalized statistical models},
  author={Gutmann, Michael and Hyv{\"a}rinen, Aapo},
  booktitle={Proceedings of the Thirteenth International Conference on Artificial Intelligence and Statistics},
  pages={297--304},
  year={2010}
}